@article{rosello2018adhd,
  title={ADHD symptoms and learning behaviors in children with ASD without intellectual disability. A mediation analysis of executive functions},
  author={Rosello, Belen and Berenguer, Carmen and Baixauli, Inmaculada and Colomer, Carla and Miranda, Ana},
  journal={Plos one},
  volume={13},
  number={11},
  pages={e0207286},
  year={2018},
  publisher={Public Library of Science San Francisco, CA USA}
}


@article{yamamoto2021children,
  title={How children with autism spectrum disorder perceive themselves: A narrative research},
  author={Yamamoto, Mami},
  journal={Japan Journal of Nursing Science},
  volume={18},
  number={4},
  pages={e12420},
  year={2021},
  publisher={Wiley Online Library}
}

@article{starr2006schools,
  title={How are schools doing? Parental perceptions of children with autism spectrum disorders, Down syndrome and learning disabilities: A comparative analysis},
  author={Starr, Elizabeth M and Foy, Janis B and Cramer, Kenneth M and Singh, Henareet},
  journal={Education and training in Developmental Disabilities},
  pages={315--332},
  year={2006},
  publisher={JSTOR}
}

@article{autistica2023learningdisability,
author = "Autistica",
title = "Learning disability and autism",
journal = "Autistica",
year = 2023,
url = "https://www.autistica.org.uk/what-is-autism/signs-and-symptoms/learning-disability-and-autism",
accessdate = "2023-10-30"
}

@online{SpectrumofHope2023AutismLearningDisorders,
author = "Spectrum of Hope",
title = "Autism and Learning Disorders",
url = "https://spectrumofhope.com/blog/autism-and-learning-disorders/#:~:text=Autism's%20Impact%20on%20Learning,significant%20developmental%20obstacles%20to%20learning",
year = 2023
}

@incollection{sun2019learning,
  title={Learning disabilities in children with autism},
  author={Sun, Ingrid Ya I and Cortez, Ana Carolina Martins and Fernandes, Fernanda Dreux Miranda},
  booktitle={Learning Disabilities-Neurological Bases, Clinical Features and Strategies of Intervention},
  year={2019},
  publisher={IntechOpen}
}

%more

@article{sood2013construction,
  title={Construction and Standardization of Verbal Learning Disabilities Checklist for School Children.},
  author={Sood, Vishal},
  journal={Journal on Educational Psychology},
  volume={7},
  number={2},
  pages={30--41},
  year={2013},
  publisher={ERIC}
}

@article{cruickshank1975perceptual,
  title={Perceptual and learning disabilities in children},
  author={Cruickshank, William M and Hallahan, Daniel P},
  journal={(No Title)},
  year={1975}
}

@article{lerner1997learning,
  title={Learning disabilities: Theories, diagnosis, and teaching strategies},
  author={Lerner, Janet W},
  journal={(No Title)},
  year={1997}
}

@article{caylak2009neurobiological,
  title={Neurobiological approaches on brains of children with dyslexia},
  author={Caylak, Emrah},
  journal={Academic radiology},
  volume={16},
  number={8},
  pages={1003--1024},
  year={2009},
  publisher={Elsevier}
}

@article{d2022australian,
  title={Australian Clinicians’ Considerations When Choosing an Assessment of Functioning Tool for Children with Neurodevelopmental Conditions},
  author={D’Arcy, Emily and Evans, Kiah and Afsharnejad, Bahareh and Milbourn, Benjamin and Whitehouse, Andrew JO and B{\"o}lte, Sven and Girdler, Sonya},
  journal={Advances in Neurodevelopmental Disorders},
  volume={6},
  number={4},
  pages={420--425},
  year={2022},
  publisher={Springer}
}

@article{cordeiro2020assessment,
  title={Assessment of learning disorder using the frequency following response: Systematic review},
  author={Cordeiro, Fernanda Prates and Weber, MPVM and Quintino, Camila and Skarzynska, Magdalena and Sanfins, Milaine Dominici},
  journal={Journal of Hearing Science},
  volume={10},
  number={3},
  pages={9--18},
  year={2020}
}

@article{malik2013screening,
  title={Screening for dyslexia among school children of Allama Iqbal colony Rawalpindi},
  author={Malik, Tamkeen Ashraf and Mufti, Sarah and Akhtar, Parveen},
  journal={Pakistan Armed Forces Medical Journal},
  volume={63},
  number={3},
  pages={397--99},
  year={2013}
}

@article{ashraf2014validation,
  title={Validation of learning disabilities checklist in public sector schools of pakistan},
  author={Ashraf, Farzana and Najam, Najma},
  journal={Pakistan Journal of Psychological Research},
  volume={29},
  number={2},
  pages={223},
  year={2014},
  publisher={Pakistan Journal of Psychological Research}
}

@article{rutter2004gender,
  title={Gender differences in developmental reading disability: New findings from four epidemiological studies},
  author={Rutter, Michael and Caspi, Avshalom and Fergusson, David and Horwood, L John and Goodman, Robert and Maughan, Barbara and Moffitt, Terrie E and Carroll, J},
  journal={Journal of the American Medical Association},
  volume={291},
  number={16},
  pages={2007--2012},
  year={2004}
}

